<?xml version="1.0" encoding="UTF-8"?><record xmlns="http://www.loc.gov/MARC21/slim" xmlns:cinclude="http://apache.org/cocoon/include/1.0" xmlns:zs="http://www.loc.gov/zing/srw/">
  <leader>00382nz  a2200133n  4500</leader>
  <controlfield tag="001">no2003042145</controlfield>
  <controlfield tag="003">DLC</controlfield>
  <controlfield tag="005">20030429052502.0</controlfield>
  <controlfield tag="008">030428n| acannaabn          |n aaa     c</controlfield>
  <datafield tag="010" ind1=" " ind2=" ">
    <subfield code="a">no2003042145</subfield>
  </datafield>
  <datafield tag="035" ind1=" " ind2=" ">
    <subfield code="a">(OCoLC)oca06036178</subfield>
  </datafield>
  <datafield tag="040" ind1=" " ind2=" ">
    <subfield code="a">OrPOCIP</subfield>
    <subfield code="b">eng</subfield>
    <subfield code="c">OrPOCIP</subfield>
  </datafield>
  <datafield tag="100" ind1="1" ind2=" ">
    <subfield code="a">Greenall, E. C.</subfield>
    <subfield code="q">(E. Cyril)</subfield>
  </datafield>
  <datafield tag="670" ind1=" " ind2=" ">
    <subfield code="a">Kaunda's gaoler, 2003:</subfield>
    <subfield code="b">t.p. (E.C. Greenall) spine (E. Cyril Greenall)</subfield>
  </datafield>
</record>